@article{bergstra12,
 author = {Bergstra, James and Bengio, Yoshua},
 title = {Random Search for Hyper-parameter Optimization},
 journal = {J. Mach. Learn. Res.},
 issue_date = {3/1/2012},
 volume = {13},
 month = feb,
 year = {2012},
 issn = {1532-4435},
 pages = {281--305},
 numpages = {25},
 url = {http://dl.acm.org/citation.cfm?id=2188385.2188395},
 acmid = {2188395},
 publisher = {JMLR.org},
 keywords = {deep learning, global optimization, model selection, neural networks, response surface modeling},
} 

@article{hornik91,
title = "Approximation capabilities of multilayer feedforward networks",
journal = "Neural Networks",
volume = "4",
number = "2",
pages = "251 - 257",
year = "1991",
issn = "0893-6080",
doi = "https://doi.org/10.1016/0893-6080(91)90009-T",
url = "http://www.sciencedirect.com/science/article/pii/089360809190009T",
author = "Kurt Hornik",
keywords = "Multilayer feedforward networks, Activation function, Universal approximation capabilities, Input environment measure, () approximation, Uniform approximation, Sobolev spaces, Smooth approximation"
}

@inproceedings{chen16,
 author = {Chen, Tianqi and Guestrin, Carlos},
 title = {{XGBoost}: A Scalable Tree Boosting System},
 booktitle = {Proceedings of the 22nd ACM SIGKDD International Conference on Knowledge Discovery and Data Mining},
 series = {KDD '16},
 year = {2016},
 isbn = {978-1-4503-4232-2},
 location = {San Francisco, California, USA},
 pages = {785--794},
 numpages = {10},
 url = {http://doi.acm.org/10.1145/2939672.2939785},
 doi = {10.1145/2939672.2939785},
 acmid = {2939785},
 publisher = {ACM},
 address = {New York, NY, USA},
 keywords = {large-scale machine learning},
}

@misc{chollet15,
  title={Keras},
  author={Chollet, Fran\c{c}ois and others},
  year={2015},
  howpublished={\url{https://keras.io}},
}

@misc{tensorflow15,
title={ {TensorFlow}: Large-Scale Machine Learning on Heterogeneous Systems},
url={https://www.tensorflow.org/},
note={Software available from tensorflow.org},
author={
    Mart\'{\i}n~Abadi and
    Ashish~Agarwal and
    Paul~Barham and
    Eugene~Brevdo and
    Zhifeng~Chen and
    Craig~Citro and
    Greg~S.~Corrado and
    Andy~Davis and
    Jeffrey~Dean and
    Matthieu~Devin and
    Sanjay~Ghemawat and
    Ian~Goodfellow and
    Andrew~Harp and
    Geoffrey~Irving and
    Michael~Isard and
    Yangqing Jia and
    Rafal~Jozefowicz and
    Lukasz~Kaiser and
    Manjunath~Kudlur and
    Josh~Levenberg and
    Dandelion~Man\'{e} and
    Rajat~Monga and
    Sherry~Moore and
    Derek~Murray and
    Chris~Olah and
    Mike~Schuster and
    Jonathon~Shlens and
    Benoit~Steiner and
    Ilya~Sutskever and
    Kunal~Talwar and
    Paul~Tucker and
    Vincent~Vanhoucke and
    Vijay~Vasudevan and
    Fernanda~Vi\'{e}gas and
    Oriol~Vinyals and
    Pete~Warden and
    Martin~Wattenberg and
    Martin~Wicke and
    Yuan~Yu and
    Xiaoqiang~Zheng},
  year={2015},
}

@article{srivastava14,
 author = {Srivastava, Nitish and Hinton, Geoffrey and Krizhevsky, Alex and Sutskever, Ilya and Salakhutdinov, Ruslan},
 title = {Dropout: A Simple Way to Prevent Neural Networks from Overfitting},
 journal = {J. Mach. Learn. Res.},
 issue_date = {January 2014},
 volume = {15},
 number = {1},
 month = jan,
 year = {2014},
 issn = {1532-4435},
 pages = {1929--1958},
 numpages = {30},
 url = {http://dl.acm.org/citation.cfm?id=2627435.2670313},
 acmid = {2670313},
 publisher = {JMLR.org},
 keywords = {deep learning, model combination, neural networks, regularization},
}

@article{Khachatryan:2016txc,
      author         = "Khachatryan, Vardan and others",
      title          = "{Evidence for collectivity in pp collisions at the LHC}",
      collaboration  = "CMS",
      journal        = "Phys. Lett.",
      volume         = "B765",
      year           = "2017",
      pages          = "193-220",
      doi            = "10.1016/j.physletb.2016.12.009",
      eprint         = "1606.06198",
      archivePrefix  = "arXiv",
      primaryClass   = "nucl-ex",
      reportNumber   = "CMS-HIN-16-010, CERN-EP-2016-147",
      SLACcitation   = "%%CITATION = ARXIV:1606.06198;%%"
}

@article{ALICE:2017jyt,
      author         = "Adam, Jaroslav and others",
      title          = "{Enhanced production of multi-strange hadrons in
                        high-multiplicity proton-proton collisions}",
      collaboration  = "ALICE",
      journal        = "Nature Phys.",
      volume         = "13",
      year           = "2017",
      pages          = "535-539",
      doi            = "10.1038/nphys4111",
      eprint         = "1606.07424",
      archivePrefix  = "arXiv",
      primaryClass   = "nucl-ex",
      reportNumber   = "CERN-EP-2016-153",
      SLACcitation   = "%%CITATION = ARXIV:1606.07424;%%"
}

@article{Andronic:2014zha,
      author         = "Andronic, Anton",
      title          = "{An overview of the experimental study of quark-gluon
                        matter in high-energy nucleus-nucleus collisions}",
      booktitle      = "{Proceedings, 26th International Symposium on Lepton
                        Photon Interactions at High Energy (LP13): San Francisco,
                        United States, June 24-29, 2013}",
      journal        = "Int. J. Mod. Phys.",
      volume         = "A29",
      year           = "2014",
      pages          = "1430047",
      doi            = "10.1142/S0217751X14300476",
      eprint         = "1407.5003",
      archivePrefix  = "arXiv",
      primaryClass   = "nucl-ex",
      SLACcitation   = "%%CITATION = ARXIV:1407.5003;%%"
}

@article{Salgado:2003gb,
      author         = "Salgado, Carlos A. and Wiedemann, Urs Achim",
      title          = "{Calculating quenching weights}",
      journal        = "Phys. Rev.",
      volume         = "D68",
      year           = "2003",
      pages          = "014008",
      doi            = "10.1103/PhysRevD.68.014008",
      eprint         = "hep-ph/0302184",
      archivePrefix  = "arXiv",
      primaryClass   = "hep-ph",
      reportNumber   = "CERN-TH-2003-030",
      SLACcitation   = "%%CITATION = HEP-PH/0302184;%%"
}

@article{Dokshitzer:2001zm,
      author         = "Dokshitzer, Yuri L. and Kharzeev, D. E.",
      title          = "{Heavy quark colorimetry of QCD matter}",
      journal        = "Phys. Lett.",
      volume         = "B519",
      year           = "2001",
      pages          = "199-206",
      doi            = "10.1016/S0370-2693(01)01130-3",
      eprint         = "hep-ph/0106202",
      archivePrefix  = "arXiv",
      primaryClass   = "hep-ph",
      reportNumber   = "LPT-ORSAY-01-58, BNL-NT-01-9",
      SLACcitation   = "%%CITATION = HEP-PH/0106202;%%"
}

@article{Cacciari:2008gp,
      author         = "Cacciari, Matteo and Salam, Gavin P. and Soyez, Gregory",
      title          = "{The Anti-k(t) jet clustering algorithm}",
      journal        = "JHEP",
      volume         = "04",
      year           = "2008",
      pages          = "063",
      doi            = "10.1088/1126-6708/2008/04/063",
      eprint         = "0802.1189",
      archivePrefix  = "arXiv",
      primaryClass   = "hep-ph",
      reportNumber   = "LPTHE-07-03",
      SLACcitation   = "%%CITATION = ARXIV:0802.1189;%%"
}

@misc{Nadam,
      author         = "Timothy Dozat",
      title          = "{Incorporating Nesterov Momentum into Adam}",
      year           = "2015",
      url            = "{http://cs229.stanford.edu/proj2015/054_report.pdf}"
}

@article{KingmaB14,
  author    = {Diederik P. Kingma and
               Jimmy Ba},
  title     = {Adam: {A} Method for Stochastic Optimization},
  journal   = {CoRR},
  volume    = {abs/1412.6980},
  year      = {2014},
  url       = {http://arxiv.org/abs/1412.6980},
  archivePrefix = {arXiv},
  eprint    = {1412.6980},
  timestamp = {Wed, 07 Jun 2017 14:40:52 +0200},
  biburl    = {https://dblp.org/rec/bib/journals/corr/KingmaB14},
  bibsource = {dblp computer science bibliography, https://dblp.org}
}

@article{Aad:2015ydr,
      author         = "Aad, Georges and others",
      title          = "{Performance of $b$-Jet Identification in the ATLAS
                        Experiment}",
      collaboration  = "ATLAS",
      journal        = "JINST",
      volume         = "11",
      year           = "2016",
      number         = "04",
      pages          = "P04008",
      doi            = "10.1088/1748-0221/11/04/P04008",
      eprint         = "1512.01094",
      archivePrefix  = "arXiv",
      primaryClass   = "hep-ex",
      reportNumber   = "CERN-PH-EP-2015-216",
      SLACcitation   = "%%CITATION = ARXIV:1512.01094;%%"
}

@article{Sirunyan:2017ezt,
      author         = "Sirunyan, A. M. and others",
      title          = "{Identification of heavy-flavour jets with the CMS
                        detector in pp collisions at 13 TeV}",
      collaboration  = "CMS",
      journal        = "JINST",
      volume         = "13",
      year           = "2018",
      number         = "05",
      pages          = "P05011",
      doi            = "10.1088/1748-0221/13/05/P05011",
      eprint         = "1712.07158",
      archivePrefix  = "arXiv",
      primaryClass   = "physics.ins-det",
      reportNumber   = "CMS-BTV-16-002, CERN-EP-2017-326",
      SLACcitation   = "%%CITATION = ARXIV:1712.07158;%%"
}

@article{Skands:2014pea,
      author         = "Skands, Peter and Carrazza, Stefano and Rojo, Juan",
      title          = "{Tuning PYTHIA 8.1: the Monash 2013 Tune}",
      journal        = "Eur. Phys. J.",
      volume         = "C74",
      year           = "2014",
      number         = "8",
      pages          = "3024",
      doi            = "10.1140/epjc/s10052-014-3024-y",
      eprint         = "1404.5630",
      archivePrefix  = "arXiv",
      primaryClass   = "hep-ph",
      reportNumber   = "CERN-PH-TH-2014-069, MCNET-14-08, OUTP-14-05P",
      SLACcitation   = "%%CITATION = ARXIV:1404.5630;%%"
}

@article{Sjostrand:2007gs,
      author         = "Sjostrand, Torbjorn and Mrenna, Stephen and Skands, Peter
                        Z.",
      title          = "{A Brief Introduction to PYTHIA 8.1}",
      journal        = "Comput. Phys. Commun.",
      volume         = "178",
      year           = "2008",
      pages          = "852-867",
      doi            = "10.1016/j.cpc.2008.01.036",
      eprint         = "0710.3820",
      archivePrefix  = "arXiv",
      primaryClass   = "hep-ph",
      reportNumber   = "CERN-LCGAPP-2007-04, LU-TP-07-28,
                        FERMILAB-PUB-07-512-CD-T",
      SLACcitation   = "%%CITATION = ARXIV:0710.3820;%%"
}

@article{Brun:1994aa,
      author         = "Brun, René and Bruyant, F. and Carminati, Federico and
                        Giani, Simone and Maire, M. and McPherson, A. and Patrick,
                        G. and Urban, L.",
      title          = "{GEANT Detector Description and Simulation Tool}",
      doi            = "10.17181/CERN.MUHF.DMJ1",
      year           = "1994",
      reportNumber   = "CERN-W5013, CERN-W-5013, W5013, W-5013",
      SLACcitation   = "%%CITATION = CERN-W5013;%%"
}

@article{Cacciari:2011ma,
      author         = "Cacciari, Matteo and Salam, Gavin P. and Soyez, Gregory",
      title          = "{FastJet User Manual}",
      journal        = "Eur. Phys. J.",
      volume         = "C72",
      year           = "2012",
      pages          = "1896",
      doi            = "10.1140/epjc/s10052-012-1896-2",
      eprint         = "1111.6097",
      archivePrefix  = "arXiv",
      primaryClass   = "hep-ph",
      reportNumber   = "CERN-PH-TH-2011-297",
      SLACcitation   = "%%CITATION = ARXIV:1111.6097;%%"
}

@article{Cacciari:2008gn,
      author         = "Cacciari, Matteo and Salam, Gavin P. and Soyez, Gregory",
      title          = "{The Catchment Area of Jets}",
      journal        = "JHEP",
      volume         = "04",
      year           = "2008",
      pages          = "005",
      doi            = "10.1088/1126-6708/2008/04/005",
      eprint         = "0802.1188",
      archivePrefix  = "arXiv",
      primaryClass   = "hep-ph",
      reportNumber   = "LPTHE-07-02",
      SLACcitation   = "%%CITATION = ARXIV:0802.1188;%%"
}

book{perkins,
    author    = "Perkins, Donald H.",
    title     = "{Wstęp do fizyki wysokich energii}",
    publisher = "PWN",
    year      = "2005",
}

@inbook{perkins_2005, 
    edition={2}, 
    title={Oddziaływania międzykwarkowe i chromodynamika kwantowa}, 
    booktitle={Wstęp do Fizyki Wysokich Energii}, 
    publisher={PWN}, 
    author={Perkins, Donald H.}, 
    year={2005}, 
    pages={171–193}
}
